<?xml version='1.0' encoding='UTF-8'?>
<record xmlns="http://www.loc.gov/MARC21/slim">
  <leader>00765cam a2200181 a 4500</leader>
  <controlfield tag="001">3264100</controlfield>
  <controlfield tag="003">NjP</controlfield>
  <controlfield tag="005">20171221000626.0</controlfield>
  <controlfield tag="008">001213s1926    le            000 0 ara d</controlfield>
  <datafield tag="024" ind1="7" ind2=" ">
    <subfield code="a">princeton_aco002028</subfield>
    <subfield code="2">local</subfield>
  </datafield>
  <datafield ind1=" " ind2=" " tag="040">
    <subfield code="a">NjP</subfield>
    <subfield code="c">NjP</subfield>
  </datafield>
  <datafield ind1="1" ind2=" " tag="041">
    <subfield code="a">ara</subfield>
    <subfield code="h">eng</subfield>
  </datafield>
  <datafield ind1="2" ind2=" " tag="110">
    <subfield code="a">Freemasons.</subfield>
    <subfield code="b">Grand Lodge of Scotland.</subfield>
    <subfield code="0">http://id.loc.gov/authorities/names/no2001003364</subfield>
  </datafield>
  <datafield ind1="1" ind2="3" tag="245">
    <subfield code="a">al-Qānūn al-ʻumūmī lil-Maḥfil al-Akbar al-Iskūtlāndī /</subfield>
    <subfield code="c">ʻarrabahu ʻan al-naskhah al-Inklīzīyah al-maṭbūʻah sanat 1923 Jūrj Ashqar wa-Wadīʻ Ḥannā.</subfield>
  </datafield>
  <datafield ind1=" " ind2=" " tag="260">
    <subfield code="a">Bayrūt :</subfield>
    <subfield code="b">Maṭbaʻat Majallat al-Maʻārif,</subfield>
    <subfield code="c">1926.</subfield>
  </datafield>
  <datafield ind1=" " ind2=" " tag="300">
    <subfield code="a">236 p. ;</subfield>
    <subfield code="c">21 cm.</subfield>
  </datafield>
  <datafield ind1=" " ind2=" " tag="500">
    <subfield code="a">Translated from the English.</subfield>
  </datafield>
  <datafield ind1="2" ind2="0" tag="610">
    <subfield code="a">Freemasons</subfield>
    <subfield code="z">Scotland</subfield>
    <subfield code="x">Constitution.</subfield>
  </datafield>
  <datafield ind1=" " ind2=" " tag="904">
    <subfield code="a">ay</subfield>
    <subfield code="b">a</subfield>
    <subfield code="h">n</subfield>
    <subfield code="c">b</subfield>
    <subfield code="e">20001213</subfield>
  </datafield>
  <datafield ind1=" " ind2=" " tag="902">
    <subfield code="a">jeb</subfield>
    <subfield code="c">b</subfield>
    <subfield code="d">v</subfield>
    <subfield code="f">1</subfield>
    <subfield code="s">m</subfield>
    <subfield code="b">o</subfield>
    <subfield code="e">20010110</subfield>
  </datafield>
  <datafield ind1="0" ind2=" " tag="852">
    <subfield code="0">3589505</subfield>
    <subfield code="b">nec</subfield>
    <subfield code="h">HS447.G7</subfield>
    <subfield code="i">F73 1926</subfield>
  </datafield>
  <datafield ind1=" " ind2=" " tag="959">
    <subfield code="a">2000-12-13 12:09:05 -0400</subfield>
  </datafield>
</record>
